@ARTICLE{bib:test,
  author = {Douglas Thain and Todd Tannenbaum and and Miron Livny},
  title = {{D}istributed {C}omputing in {P}ractice: {T}he {C}ondor {E}xperience},
  journal = {Concurrency and Computation: Practice and Experience},
  year = {2004},
  address = {w druku},
  owner = {olas},
  timestamp = {2008.06.02}
}
